@misc{ esolang,
  title = {{Esoteric Programming Language.} Description},
  howpublished = {Online: \url{https://esolangs.org/wiki/Esoteric_programming_language}},
  whenpublished = {Published: 2017-01-19},
  note = {Accessed: 2017-07-31}
}

@misc{ wikipedia,
  title = {{Wikipedia, The Free Encyclopedia.} esoteric},
  howpublished = {Online: \url{https://en.wikipedia.org/wiki/Esoteric_programming_language}},
  note = {Accessed: 2017-07-31}
}